<record><leader>00000cas a22000007a 4500</leader><controlfield tag="001">31788952</controlfield><controlfield tag="008">950109d19151922vauwr ne      0    0eng d</controlfield><datafield ind1=" " ind2=" " tag="010"><subfield code="a">sn 94060190 </subfield></datafield><datafield ind1=" " ind2=" " tag="040"><subfield code="a">NVK</subfield><subfield code="b">eng</subfield><subfield code="c">NVK</subfield><subfield code="d">OCLCQ</subfield><subfield code="d">OCLCF</subfield><subfield code="d">OCLCO</subfield></datafield><datafield ind1=" " ind2=" " tag="042"><subfield code="a">msc</subfield></datafield><datafield ind1=" " ind2=" " tag="043"><subfield code="a">n-us-va</subfield></datafield><datafield ind1="0" ind2=" " tag="130"><subfield code="a">Nottoway record (Crewe, Va. : 1915)</subfield></datafield><datafield ind1="1" ind2="4" tag="245"><subfield code="a">The Nottoway record.</subfield></datafield><datafield ind1=" " ind2=" " tag="260"><subfield code="a">Crewe, Va. :</subfield><subfield code="b">Crewe Print. Co.,</subfield><subfield code="c">-1922.</subfield></datafield><datafield ind1=" " ind2=" " tag="300"><subfield code="a">v.</subfield></datafield><datafield ind1=" " ind2=" " tag="310"><subfield code="a">Weekly</subfield></datafield><datafield ind1="1" ind2=" " tag="362"><subfield code="a">Began in 1915.</subfield><subfield code="z">Cf. Cappon, L.J. Va. Newspapers.</subfield></datafield><datafield ind1="0" ind2=" " tag="362"><subfield code="a">-v. 14, no. 6 (Mar. 31, 1922).</subfield></datafield><datafield ind1=" " ind2=" " tag="530"><subfield code="a">Available on microfilm from Bell &amp; Howell, Micro Photo Div.</subfield></datafield><datafield ind1=" " ind2=" " tag="588"><subfield code="a">Description based on: Vol. 13, no. 48 (Jan. 20, 1922).</subfield></datafield><datafield ind1=" " ind2="0" tag="651"><subfield code="a">Crewe (Va.)</subfield><subfield code="v">Newspapers.</subfield></datafield><datafield ind1=" " ind2="0" tag="651"><subfield code="a">Amelia County (Va.)</subfield><subfield code="v">Newspapers.</subfield></datafield><datafield ind1=" " ind2="0" tag="651"><subfield code="a">Nottoway County (Va.)</subfield><subfield code="v">Newspapers.</subfield></datafield><datafield ind1=" " ind2="7" tag="655"><subfield code="a">Newspapers.</subfield><subfield code="2">fast</subfield><subfield code="0">(OCoLC)fst01423814</subfield></datafield><datafield ind1=" " ind2="7" tag="651"><subfield code="a">Virginia</subfield><subfield code="z">Amelia County.</subfield><subfield code="2">fast</subfield><subfield code="0">(OCoLC)fst01205224</subfield></datafield><datafield ind1=" " ind2="7" tag="651"><subfield code="a">Virginia</subfield><subfield code="z">Crewe.</subfield><subfield code="2">fast</subfield><subfield code="0">(OCoLC)fst01298342</subfield></datafield><datafield ind1=" " ind2="7" tag="651"><subfield code="a">Virginia</subfield><subfield code="z">Nottoway County.</subfield><subfield code="2">fast</subfield><subfield code="0">(OCoLC)fst01224108</subfield></datafield><datafield ind1=" " ind2=" " tag="752"><subfield code="a">United States</subfield><subfield code="b">Virginia</subfield><subfield code="c">Nottoway</subfield><subfield code="d">Crewe.</subfield></datafield><datafield ind1="0" ind2="0" tag="785"><subfield code="t">Nottoway record, the Amelia Farmer</subfield><subfield code="w">(DLC)sn 94060211</subfield></datafield></record>